@article{hart2005evolutionary,
  title={Evolutionary scheduling: A review},
  author={Hart, Emma and Ross, Peter and Corne, David},
  journal={Genetic Programming and Evolvable Machines},
  volume={6},
  number={2},
  pages={191--220},
  year={2005},
  publisher={Kluwer Academic Publishers}
}
@article{dhiflaoui2018dual,
  title={Dual-Resource Constraints in Classical and Flexible Job Shop Problems: A State-of-the-Art Review},
  author={Dhiflaoui, Mondher and Nouri, Houssem Eddine and Driss, Olfa Belkahla},
  journal={Procedia Computer Science},
  volume={126},
  pages={1507--1515},
  year={2018},
  publisher={Elsevier}
}
@book{michael2018scheduling,
  title={Scheduling: Theory, Algorithms, and Systems},
  author={Michael L. Pinedo},
  year={2016},
  publisher={Springer}
}

@mastersthesis{Paladin,
  author  = {Lorena Paladin},
  title   = {Logistički centri i informacijske tehnologije},
  school  = {Sveučilište u Rijeci, Ekonomski fakultet u Rijeci},
  year    = {2013},
  address = {Ivana Filipovića 4, 51000 Rijeka, Republika Hrvatska},
  type    = {Diplomski rad}
}

@mastersthesis{Durasevic,
  author  = {Marko Đurasević},
  title   = {Raspoređivanje na nesrodnim strojevima},
  school  = {Sveučilište u Zagrebu, Fakultet elektrotehnike i računarstva},
  year    = {2013},
  month   = apr,
  address = {Unska 3, 10000 Zagreb, Republika Hrvatska},
  type    = {Seminar}
}

@article{buntak2012medjusobni,
  title={Me{\dj}usobni odnos logisti{\v{c}}kih i transportnih sustava},
  author={Buntak, Kre{\v{s}}imir and Grgurevi{\'c}, Davor and Dro{\v{z}}{\dj}ek, Ivana},
  journal={Tehni{\v{c}}ki glasnik},
  volume={6},
  number={2},
  pages={228--232},
  year={2012},
  publisher={Veleu{\v{c}}ili{\v{s}}te u Vara{\v{z}}dinu}
}

@article{huang2015robotics,
  title={Robotics in ecommerce logistics},
  author={Huang, George Q and Chen, Michael ZQ and Pan, Jia},
  journal={HKIE Transactions},
  volume={22},
  number={2},
  pages={68--77},
  year={2015},
  publisher={Taylor \& Francis}
}

@misc{Gideon:Logisticsrobotlingo,
  author = {{Gideon Brothers}},
  title  = {Logistics robot lingo},
  year   = {2019},
  url    = {https://www.gideonbros.ai/strategy/glossary-of-logistics-robotics},
  note   = {Pristupano: 09.05.2019.}
}

@misc{Gideon:PollDebunks,
  author = {{Gideon Brothers}},
  title  = {Poll debunks the myth of job-destroying robot},
  year   = {2019},
  url    = {https://www.gideonbros.ai/trending/poll-debunks-the-myth-of-job-destroying-robot},
  note   = {Pristupano: 09.05.2019.}
}

@inproceedings{djurasevic2016comparison,
  title={Comparison of solution representations for scheduling in the unrelated machines environment},
  author={{\DJ}urasevi{\'c}, Marko and Jakobovi{\'c}, Domagoj},
  booktitle={2016 39th International Convention on Information and Communication Technology, Electronics and Microelectronics (MIPRO)},
  pages={1336--1342},
  year={2016},
  organization={IEEE}
}

@article{costa2013hybrid,
  title={A hybrid genetic algorithm for job sequencing and worker allocation in parallel unrelated machines with sequence-dependent setup times},
  author={Costa, A and Cappadonna, FA and Fichera, S},
  journal={The International Journal of Advanced Manufacturing Technology},
  volume={69},
  number={9-12},
  pages={2799--2817},
  year={2013},
  publisher={Springer}
}
