@misc{SmartSimply,
  author = {Smart \& Simply d.o.o.},
  title  = {{Dacar - logistički centar | Smart \& Simply - Inteligentna rješenja za inteligentne domove}},
  year   = {2019},
  url    = {https://www.smartsimply.hr/logisticki-centar},
  note   = {Pristupano: 03.06.2019.}
}

@misc{Gideon:Logisticsrobotlingo,
  author = {{Gideon Brothers}},
  title  = {Logistics robot lingo},
  year   = {2019},
  url    = {https://www.gideonbros.ai/strategy/glossary-of-logistics-robotics},
  note   = {Pristupano: 09.05.2019.}
}

@misc{Gideon:PollDebunks,
  author = {{Gideon Brothers}},
  title  = {Poll debunks the myth of job-destroying robot},
  year   = {2019},
  url    = {https://www.gideonbros.ai/trending/poll-debunks-the-myth-of-job-destroying-robot},
  note   = {Pristupano: 09.05.2019.}
}

@book{michael2018scheduling,
  title={Scheduling: Theory, Algorithms, and Systems},
  author={Michael L. Pinedo},
  year={2016},
  publisher={Springer}
}